@article{fabbri2017computational,
  title={Computational analysis of the human sinus node action potential: model development and effects of mutations},
  author={Fabbri, Alan and Fantini, Matteo and Wilders, Ronald and Severi, Stefano},
  journal={The Journal of Physiology},
  volume={595},
  number={7},
  pages={2365--2396},
  year={2017},
  publisher={Wiley Online Library}
}

@article{cuellar2003overview,
  title={An overview of {CellML} 1.1, a biological model description language},
  author={Cuellar, Autumn A and Lloyd, Catherine M and Nielsen, Poul F and Bullivant, David P and Nickerson, David P and Hunter, Peter J},
  journal={Simulation},
  volume={79},
  number={12},
  pages={740--747},
  year={2003},
  publisher={Sage Publications}
}

@article{garny2015opencor,
  title={OpenCOR: a modular and interoperable approach to computational biology},
  author={Garny, Alan and Hunter, Peter J},
  journal={Frontiers in Physiology},
  volume={6},
  pages={26},
  year={2015},
  publisher={Frontiers}
}

@article{lakatta2009keeps,
  title={What keeps us ticking: a funny current, a calcium clock, or both?},
  author={Lakatta, Edward G and DiFrancesco, Dario},
  journal={Journal of Molecular and Cellular Cardiology},
  volume={47},
  number={2},
  pages={157--170},
  year={2009},
  publisher={Elsevier}
}

@article{difrancesco2010role,
  title={The role of the funny current in pacemaker activity},
  author={DiFrancesco, Dario},
  journal={Circulation Research},
  volume={106},
  number={3},
  pages={434--446},
  year={2010},
  publisher={Am Heart Assoc}
}

@article{lakatta2010paradigm,
  title={A paradigm shift for the heart's pacemaker},
  author={Lakatta, Edward G},
  journal={Heart Rhythm},
  volume={7},
  number={4},
  pages={559--564},
  year={2010},
  publisher={Elsevier}
}

@article{maltsev2010funny,
  title={Funny current provides a relatively modest contribution to spontaneous beating rate regulation of human and rabbit sinoatrial node cells},
  author={Maltsev, Victor A and Lakatta, Edward G},
  journal={Journal of Molecular and Cellular Cardiology},
  volume={48},
  number={4},
  pages={804},
  year={2010},
  publisher={NIH Public Access}
}

@article{noble2010competing,
  title={Competing oscillators in cardiac pacemaking: historical background},
  author={Noble, Denis and Noble, Penelope J and Fink, Martin},
  journal={Circulation Research},
  volume={106},
  number={12},
  pages={1791--1797},
  year={2010},
  publisher={Am Heart Assoc}
}

@article{wilders2007computer,
  title={Computer modelling of the sinoatrial node},
  author={Wilders, Ronald},
  journal={Biopacemaking},
  pages={121--148},
  year={2007},
  publisher={Springer}
}

@article{himeno2008ionic,
  title={Ionic Mechanisms underlying the positive chronotropy induced by $\beta$1-adrenergic stimulation in guinea-pig sinoatrial node cells: a simulation study},
  author={Himeno, Yukiko and Sarai, Nobuaki and Matsuoka, Satoshi and Noma, Akinori},
  journal={The Journal of Physiological Sciences},
  pages={0801180027--0801180027},
  year={2008},
  publisher={Physiological Society of Japan}
}

@article{maltsev2009synergism,
  title={Synergism of coupled subsarcolemmal Ca2+ clocks and sarcolemmal voltage clocks confers robust and flexible pacemaker function in a novel pacemaker cell model},
  author={Maltsev, Victor A and Lakatta, Edward G},
  journal={American Journal of Physiology-Heart and Circulatory Physiology},
  volume={296},
  number={3},
  pages={H594--H615},
  year={2009},
  publisher={American Physiological Society}
}

@article{kharche2011mathematical,
  title={A mathematical model of action potentials of mouse sinoatrial node cells with molecular bases},
  author={Kharche, Sanjay and Yu, Jian and Lei, Ming and Zhang, Henggui},
  journal={American Journal of Physiology-Heart and Circulatory Physiology},
  volume={301},
  number={3},
  pages={H945--H963},
  year={2011},
  publisher={American Physiological Society Bethesda, MD}
}

@article{severi2012updated,
  title={An updated computational model of rabbit sinoatrial action potential to investigate the mechanisms of heart rate modulation},
  author={Severi, Stefano and Fantini, Matteo and Charawi, Lara A and DiFrancesco, Dario},
  journal={The Journal of Physiology},
  volume={590},
  number={18},
  pages={4483--4499},
  year={2012},
  publisher={Wiley Online Library}
}
@article{pohl2016computational,
  title={A computational model of a human single sinoatrial node cell},
  author={Pohl, A and Wachter, A and Hatam, N and Leonhardt, S},
  journal={Biomedical Physics \& Engineering Express},
  volume={2},
  number={3},
  pages={035006},
  year={2016},
  publisher={IOP Publishing}
}

@article{verkerk2007pacemaker,
  title={Pacemaker current (I f) in the human sinoatrial node},
  author={Verkerk, Arie O and Wilders, Ronald and van Borren, Marcel MGJ and Peters, Ron JG and Broekhuis, Eli and Lam, Kayan and Coronel, Ruben and de Bakker, Jacques MT and Tan, Hanno L},
  journal={European Heart Journal},
  volume={28},
  number={20},
  pages={2472--2478},
  year={2007},
  publisher={Oxford University Press}
}

@article{difrancesco2012funny,
  title={The funny current has a major pacemaking role in the sinus node},
  author={DiFrancesco, Dario and Noble, Denis},
  journal={Heart Rhythm},
  volume={9},
  number={2},
  pages={299--301},
  year={2012},
  publisher={Elsevier}
}

@article{lakatta2012rebuttal,
  title={Rebuttal: What If the shoe doesn't fit?“The funny current has a major pacemaking role in the sinus node”},
  author={Lakatta, Edward G and Maltsev, Victor A},
  journal={Heart Rhythm},
  volume={9},
  number={3},
  pages={459--460},
  year={2012},
  publisher={Elsevier}
}

@article{rosen2012case,
  title={The case for the funny current and the calcium clock},
  author={Rosen, Michael R and Nargeot, Joel and Salama, Guy},
  journal={Heart Rhythm},
  volume={9},
  number={4},
  pages={616--618},
  year={2012},
  publisher={Elsevier}
}

@article{monfredi2013modern,
  title={Modern concepts concerning the origin of the heartbeat},
  author={Monfredi, Oliver and Maltsev, Victor A and Lakatta, Edward G},
  journal={Physiology},
  volume={28},
  number={2},
  pages={74--92},
  year={2013},
  publisher={American Physiological Society Bethesda, MD}
}

@article{yaniv2015two,
  title={From two competing oscillators to one coupled-clock pacemaker cell system},
  author={Yaniv, Yael and Lakatta, Edward G and Maltsev, Victor A},
  journal={Frontiers in Physiology},
  volume={6},
  pages={28},
  year={2015},
  publisher={Frontiers}
}

@article{yaniv2013new,
  title={New evidence for coupled clock regulation of the normal automaticity of sinoatrial nodal pacemaker cells: Bradycardic effects of ivabradine are linked to suppression of intracellular Ca2+ cycling},
  author={Yaniv, Yael and Sirenko, Syevda and Ziman, Bruce D and Spurgeon, Harold A and Maltsev, Victor A and Lakatta, Edward G},
  journal={Journal of Molecular and Cellular Cardiology},
  volume={62},
  pages={80--89},
  year={2013},
  publisher={Elsevier}
}

@article{drouin1997electrophysiologic,
  title={Electrophysiologic properties of the adult human sinus node},
  author={Drouin, Emmanuel},
  journal={Journal of Cardiovascular Electrophysiology},
  volume={8},
  number={3},
  pages={254--258},
  year={1997},
  publisher={Wiley Online Library}
}

@article{verkerk2013calcium,
  title={Calcium transient and sodium-calcium exchange current in human versus rabbit sinoatrial node pacemaker cells},
  author={Verkerk, Arie O and van Borren, Marcel MGJ and Wilders, Ronald},
  journal={The Scientific World Journal},
  volume={2013},
  year={2013},
  publisher={Hindawi}
}

@article{seemann2006heterogeneous,
  title={Heterogeneous three-dimensional anatomical and electrophysiological model of human atria},
  author={Seemann, Gunnar and H{\"o}per, Christine and Sachse, Frank B and D{\"o}ssel, Olaf and Holden, Arun V and Zhang, Henggui},
  journal={Philosophical Transactions of the Royal Society A: Mathematical, Physical and Engineering Sciences},
  volume={364},
  number={1843},
  pages={1465--1481},
  year={2006},
  publisher={The Royal Society London}
}

@article{chandler2009molecular,
  title={Molecular architecture of the human sinus node: insights into the function of the cardiac pacemaker},
  author={Chandler, Natalie and Greener, Ian and Tellez, James and Inada, Shin and Musa, Hanny and Molenaar, Peter and DiFrancesco, Dario and Baruscotti, Mirko and Longhi, Renatp and Anderson, Robert and others},
  journal={Circulation},
  volume={119},
  pages={1562--1575},
  year={2009},
  publisher={Lippincott Williams and Wilkins Ltd.}
}

@article{verkerk2015pacemaker,
  title={Pacemaker activity of the human sinoatrial node: an update on the effects of mutations in HCN4 on the hyperpolarization-activated current},
  author={Verkerk, Arie O and Wilders, Ronald},
  journal={International Journal of Molecular Sciences},
  volume={16},
  number={2},
  pages={3071--3094},
  year={2015},
  publisher={Multidisciplinary Digital Publishing Institute}
}

@article{waltemath2011reproducible,
  title={Reproducible computational biology experiments with {SED-ML}-the simulation experiment description markup language},
  author = {Waltemath, Dagmar and Adams, Richard and Bergmann, Frank T. and Hucka, Michael and Kolpakov, Fedor and Miller, Andrew K. and Moraru, Ion I. and Nickerson, David and Sahle, Sven and Snoep, Jacky L. and Le Novère, Nicolas},
  journal={BMC Systems Biology},
  volume={5},
  number={1},
  pages={1--10},
  year={2011},
  publisher={BioMed Central}
}



@article{yu_physiome_2011,
	title = {The {Physiome} {Model} {Repository} 2},
	volume = {27},
	issn = {1367-4803, 1460-2059},
	url = {http://bioinformatics.oxfordjournals.org/content/27/5/743},
	doi = {10.1093/bioinformatics/btq723},
	abstract = {Motivation: The Physiome Model Repository 2 (PMR2) software was created as part of the IUPS Physiome Project (Hunter and Borg, 2003), and today it serves as the foundation for the CellML model repository. Key advantages brought to the end user by PMR2 include: facilities for model exchange, enhanced collaboration and a detailed change history for each model.
Availability: PMR2 is available under an open source license at http://www.cellml.org/tools/pmr/; a fully functional instance of this software can be accessed at http://models.physiomeproject.org/.
Contact: tommy.yu@auckland.ac.nz},
	language = {en},
	number = {5},
	urldate = {2014-11-19},
	journal = {Bioinformatics},
	author = {Yu, Tommy and Lloyd, Catherine M. and Nickerson, David P. and Cooling, Michael T. and Miller, Andrew K. and Garny, Alan and Terkildsen, Jonna R. and Lawson, James and Britten, Randall D. and Hunter, Peter J. and Nielsen, Poul M. F.},
	month = jan,
	year = {2011},
	pmid = {21216774},
	pages = {743--744},
}

@Article{Hunter:2007,
  Author    = {Hunter, J. D.},
  Title     = {Matplotlib: A 2D graphics environment},
  Journal   = {Computing in Science \& Engineering},
  Volume    = {9},
  Number    = {3},
  Pages     = {90--95},
  abstract  = {Matplotlib is a 2D graphics package used for Python for
  application development, interactive scripting, and publication-quality
  image generation across user interfaces and operating systems.},
  publisher = {IEEE COMPUTER SOC},
  doi       = {10.1109/MCSE.2007.55},
  year      = 2007
}

@article{shampine1997matlab,
  title={The matlab ode suite},
  author={Shampine, Lawrence F and Reichelt, Mark W},
  journal={SIAM journal on scientific computing},
  volume={18},
  number={1},
  pages={1--22},
  year={1997},
  publisher={SIAM}
}